@ONLINE{djbotv1,
    author = {Lanfranco E. F.; Vizcaíno A.M.},
    title = {DJBot: Administrando las salas de {PC} evitando la consola},
    url = {http://sedici.unlp.edu.ar/handle/10915/31339},
    note = {Accedido: 2016-04-11},
    language={spanish}
  }


@ONLINE{parallel-ssh,
    author = {Paralell-Ssh},
    title = {Librería para realizar de manera asincrónica conexiones en paralelo},
    url = {https://github.com/pkittenis/parallel-ssh},
    note = {Accedido: 2016-04-11}
  }


@ONLINE{Python,
    author = {Python},
    title = {Lenguaje de programación},
    url = {https://www.python.org/},
    note = {Accedido: 2016-05-20}
  }
  

@ONLINE{Fabric,
    author ={Fabric},
    title = {Librería para hacer conexiones remotas},
    url = {http://www.fabfile.org/},
    note = {Accedido: 2016-05-20}
  }
  
@ONLINE{Redis,
    author ={Redis},
    title = {Estructura de datos en memoria},
    url = {http://redis.io/},
    note = {Accedido: 2016-04-15}
  }


@ONLINE{RQ,
    author ={RQ},
    title = {Cola de procesamiento},
    url = {http://python-rq.org/},
    note = {Accedido: 2016-04-15}
  }

@ONLINE{Django,
    author ={Django},
    title = {Framework de desarrollo web},
    url = {https://www.djangoproject.com/},
    note = {Accedido: 2016-04-11}
  }


@ONLINE{Ansible,
    author ={Ansible},
    title = {Herramienta de orquestación de sistemas},
    url = {http://docs.ansible.com/},
    note = {Accedido: 2016-06-12}
  }


@ONLINE{Chef,
    author ={Chef},
    title = {Herramienta de orquestación de sistemas},
    url = {https://www.chef.io/chef/},
    note = {Accedido: 2016-06-10}
  }

@ONLINE{Docker,
    author ={Docker},
    title = {Herramienta de orquestación de sistemas},
    url = {https://docs.docker.com/},
    note = {Accedido: 2016-06-15}
  }


@ONLINE{Kubernetes,
    author ={Kubernetes},
    title = {Herramienta de orquestación de sistemas},
    url = {http://kubernetes.io/},
    note = {Accedido: 2016-05-20}
  }

@ONLINE{Otter,
    author ={Otter},
    title = {Herramienta de orquestación de sistemas},
    url = {http://inedo.com/otter},
    note = {Accedido: 2016-05-20}
  }

@ONLINE{Puppet,
    author ={Puppet},
    title = {Herramienta de orquestación de sistemas},
    url = {https://puppet.com/},
    note = {Accedido: 2016-05-20}
  }

@ONLINE{SALTSTACK,
    author ={SALTSTACK},
    title = {Herramienta de orquestación de sistemas},
    url = {https://saltstack.com/},
    note = {Accedido: 2016-05-23}
  }

@ONLINE{SQLalchemy,
    author ={SQLAlchemy},
    title = {Mapeador de objetos relacionales},
    url = {https://www.sqlalchemy.org/},
    note = {Accedido: 2016-06-15}
  }

@ONLINE{SQLite,
    author ={SQLite},
    title = {Base de datos en un archivo},
    url = {https://www.sqlite.org/docs.html},
    note = {Accedido: 2016-06-15}
  }

@ONLINE{Flask,
    author ={Flask},
    title = {Microframework de desarollo web},
    url = {http://flask.pocoo.org},
    note = {Accedido: 2016-06-15}
  }
  
@ONLINE{React,
    author ={React},
    title = {Librería {JavaScript} para programar interfaces de usuario},
    url = {https://facebook.github.io/react/},
    note = {Accedido: 2016-06-15}
  }

@ONLINE{Emacs,
    author ={Emacs},
    title = {Editor de texto extensible},
    url = {https://www.gnu.org/software/emacs/},
    note = {Accedido: 2016-04-10}
  }

@ONLINE{Lihuen,
    author ={{Laboratorio de Investigación en Nuevas Tecnologías Informáticas}},
    title = {Lihuen {GNU/Linux}},
    url = {https://lihuen.linti.unlp.edu.ar},
    note = {Accedido: 2016-06-15}
  }

@ONLINE{JavaScript,
    author ={JavaScript},
    title = {Lenguaje de programación},
    url = {https://www.javascript.com/},
    note = {Accedido: 2016-06-7}
  }

@ONLINE{SemanticUI,
    author ={Semantic UI},
    title = {Diseño de interfaces de usuario},
    url = {http://semantic-ui.com/},
    note = {Accedido: 2016-06-15}
  }

@ONLINE{apt-cacher,
    author ={apt-cacher},
    title = {Servicio de caché para paquetes {Debian}},
    url = {https://packages.debian.org/jessie/apt-cacher},
    note = {Accedido: 2016-06-15}
  }


@ONLINE{Org-mode,
    author = {Dominik, Carsten},
    title = {Org-mode: Sistema para tomar notas en texto plano},
    url = {http://orgmode.org/},
    note = {Accedido: 2016-06-01}
  }

@book{ULSAH,
  title={UNIX and Linux System Administration Handbook (4th Edition)},
  author={Nemeth Evi; Snyder Garth; R. Hein Trent y Whaley Ben},
  volume={4},
  year={2010},
  publisher={Pearson Education, Inc.}
}

@article{HTD,
  title={{How to do Devops without leaving legacy behind}},
  author={Nemmers Justin},
  year={2015}
}

@article{AID,
  title={{Ansible IN DEPTH}},
  author={Red Hat},
  year={2016}
}